<?xml version="1.0" encoding="UTF-8"?>
<bib>
  <mms_id>990027509470302486</mms_id>
  <record_format>marc21</record_format>
  <linked_record_id/>
  <title>Harvard business review.</title>
  <issn>0017-8012</issn>
  <network_numbers>
    <network_number>(OCoLC)1751795</network_number>
    <network_number>(Sirsi) o01751795</network_number>
    <network_number>(OCoLC)01751795</network_number>
    <network_number>u1044751</network_number>
    <network_number>(Aleph)002750947EMU01</network_number>
    <network_number>(OCoLC)17557786</network_number>
    <network_number>(OCoLC)1369474</network_number>
    <network_number>(OCoLC)1068253</network_number>
  </network_numbers>
  <place_of_publication>Boston [etc.] :</place_of_publication>
  <date_of_publication>1922</date_of_publication>
  <publisher_const>Graduate School of Business Administration, Harvard University</publisher_const>
  <holdings link="https://api-na.hosted.exlibrisgroup.com/almaws/v1/bibs/990027509470302486/holdings"/>
  <created_by>import</created_by>
  <created_date>2015-12-03Z</created_date>
  <last_modified_by>exl_api</last_modified_by>
  <last_modified_date>2020-06-19Z</last_modified_date>
  <suppress_from_publishing>false</suppress_from_publishing>
  <suppress_from_external_search>false</suppress_from_external_search>
  <sync_with_oclc>NONE</sync_with_oclc>
  <sync_with_libraries_australia>NONE</sync_with_libraries_australia>
  <originating_system>OTHER</originating_system>
  <originating_system_id>002750947-EMU01</originating_system_id>
  <cataloging_level desc="Default Level">00</cataloging_level>
  <record>
    <leader>02542cas a2200613 4500</leader>
    <controlfield tag="001">990027509470302486</controlfield>
    <controlfield tag="005">20200619145217.0</controlfield>
    <controlfield tag="008">751101c19229999maumx p 0 a0eng </controlfield>
    <datafield ind1=" " ind2=" " tag="010">
      <subfield code="a">25010769</subfield>
    </datafield>
    <datafield ind1=" " ind2=" " tag="019">
      <subfield code="a">1068253</subfield>
      <subfield code="a">1369474</subfield>
      <subfield code="a">17557786</subfield>
    </datafield>
    <datafield ind1=" " ind2=" " tag="022">
      <subfield code="a">0017-8012</subfield>
      <subfield code="2">1</subfield>
    </datafield>
    <datafield ind1=" " ind2=" " tag="030">
      <subfield code="a">HABRAX</subfield>
    </datafield>
    <datafield ind1=" " ind2=" " tag="035">
      <subfield code="a">(Aleph)002750947EMU01</subfield>
    </datafield>
    <datafield ind1="9" ind2=" " tag="035">
      <subfield code="a">u1044751</subfield>
    </datafield>
    <datafield ind1=" " ind2=" " tag="035">
      <subfield code="a">(OCoLC)01751795</subfield>
    </datafield>
    <datafield ind1=" " ind2=" " tag="035">
      <subfield code="a">(Sirsi) o01751795</subfield>
    </datafield>
    <datafield ind1=" " ind2=" " tag="035">
      <subfield code="a">(OCoLC)1751795</subfield>
      <subfield code="z">(OCoLC)1068253</subfield>
      <subfield code="z">(OCoLC)1369474</subfield>
      <subfield code="z">(OCoLC)17557786</subfield>
    </datafield>
    <datafield ind1=" " ind2=" " tag="040">
      <subfield code="a">DLC</subfield>
      <subfield code="c">MUL</subfield>
      <subfield code="d">FUL</subfield>
      <subfield code="d">YUS</subfield>
      <subfield code="d">NSD</subfield>
      <subfield code="d">COO</subfield>
      <subfield code="d">DLC</subfield>
      <subfield code="d">NSD</subfield>
      <subfield code="d">OCL</subfield>
      <subfield code="d">RCS</subfield>
      <subfield code="d">NST</subfield>
      <subfield code="d">AIP</subfield>
      <subfield code="d">NSD</subfield>
      <subfield code="d">AIP</subfield>
      <subfield code="d">HUL</subfield>
      <subfield code="d">AIP</subfield>
      <subfield code="d">DLC</subfield>
      <subfield code="d">HUL</subfield>
      <subfield code="d">AIP</subfield>
      <subfield code="d">DLC</subfield>
      <subfield code="d">AIP</subfield>
      <subfield code="d">OCL</subfield>
      <subfield code="d">NST</subfield>
      <subfield code="d">OCL</subfield>
      <subfield code="d">NST</subfield>
      <subfield code="d">AGL</subfield>
      <subfield code="d">NST</subfield>
      <subfield code="d">NSD</subfield>
      <subfield code="d">HUL</subfield>
      <subfield code="d">OCL</subfield>
      <subfield code="d">HNK</subfield>
      <subfield code="d">OCLCQ</subfield>
      <subfield code="d">NLGGC</subfield>
      <subfield code="d">GK8</subfield>
      <subfield code="d">NLM</subfield>
      <subfield code="d">LVB</subfield>
      <subfield code="d">HUL</subfield>
      <subfield code="d">UtOrBLW</subfield>
    </datafield>
    <datafield ind1=" " ind2=" " tag="042">
      <subfield code="a">nsdp</subfield>
      <subfield code="a">lc</subfield>
    </datafield>
    <datafield ind1=" " ind2=" " tag="049">
      <subfield code="a">EMUU</subfield>
    </datafield>
    <datafield ind1="0" ind2="0" tag="050">
      <subfield code="a">HF5001</subfield>
      <subfield code="b">.H3</subfield>
    </datafield>
    <datafield ind1="0" ind2="0" tag="060">
      <subfield code="a">W1</subfield>
      <subfield code="b">HA63E</subfield>
    </datafield>
    <datafield ind1="0" ind2=" " tag="082">
      <subfield code="a">330.9/04</subfield>
    </datafield>
    <datafield ind1="0" ind2=" " tag="210">
      <subfield code="a">Harvard bus. rev.</subfield>
    </datafield>
    <datafield ind1=" " ind2="0" tag="222">
      <subfield code="a">Harvard business review</subfield>
    </datafield>
    <datafield ind1="0" ind2="0" tag="245">
      <subfield code="a">Harvard business review.</subfield>
    </datafield>
    <datafield ind1=" " ind2="1" tag="264">
      <subfield code="a">Boston [etc.] :</subfield>
      <subfield code="b">Graduate School of Business Administration, Harvard University</subfield>
    </datafield>
    <datafield ind1=" " ind2=" " tag="300">
      <subfield code="a">volumes :</subfield>
      <subfield code="b">illustrations ;</subfield>
      <subfield code="c">23-29 cm.</subfield>
    </datafield>
    <datafield ind1=" " ind2=" " tag="310">
      <subfield code="a">12 times a year,</subfield>
      <subfield code="b">2002-</subfield>
    </datafield>
    <datafield ind1=" " ind2=" " tag="321">
      <subfield code="a">Quarterly,</subfield>
      <subfield code="b">1922-47</subfield>
    </datafield>
    <datafield ind1=" " ind2=" " tag="321">
      <subfield code="a">Bimonthly,</subfield>
      <subfield code="b">1948-2000</subfield>
    </datafield>
    <datafield ind1=" " ind2=" " tag="321">
      <subfield code="a">11 times a year,</subfield>
      <subfield code="b">2001</subfield>
    </datafield>
    <datafield ind1=" " ind2=" " tag="336">
      <subfield code="a">text</subfield>
      <subfield code="b">txt</subfield>
      <subfield code="2">rdacontent</subfield>
    </datafield>
    <datafield ind1=" " ind2=" " tag="337">
      <subfield code="a">unmediated</subfield>
      <subfield code="b">n</subfield>
      <subfield code="2">rdamedia</subfield>
    </datafield>
    <datafield ind1=" " ind2=" " tag="338">
      <subfield code="a">volume</subfield>
      <subfield code="b">nc</subfield>
      <subfield code="2">rdacarrier</subfield>
    </datafield>
    <datafield ind1="0" ind2=" " tag="362">
      <subfield code="a">v. 1- Oct. 1922-</subfield>
    </datafield>
    <datafield ind1=" " ind2=" " tag="525">
      <subfield code="a">Supplements accompany some numbers.</subfield>
    </datafield>
    <datafield ind1=" " ind2=" " tag="590">
      <subfield code="a">General has: Current issues shelved in Current periodicals until bound and also replaced by microfilm. v.55- 1977-date classed: MICFILM 1079.</subfield>
    </datafield>
    <datafield ind1=" " ind2=" " tag="590">
      <subfield code="a">Theology subscription canceled Oct. 2001</subfield>
    </datafield>
    <datafield ind1=" " ind2="0" tag="650">
      <subfield code="a">Business</subfield>
      <subfield code="v">Periodicals.</subfield>
    </datafield>
    <datafield ind1=" " ind2="0" tag="650">
      <subfield code="a">Economic history</subfield>
      <subfield code="v">Periodicals.</subfield>
    </datafield>
    <datafield ind1=" " ind2=" " tag="910">
      <subfield code="a">RDA ENRICHED</subfield>
    </datafield>
    <datafield ind1=" " ind2=" " tag="910">
      <subfield code="a">emuldr</subfield>
    </datafield>
    <datafield ind1=" " ind2=" " tag="910">
      <subfield code="a">SCHD ¿d 20000211 ¿g 0 ¿e 4 ¿f 8 ¿v v.1-v.66, v.70- ¿y 1922-1988, 1992-</subfield>
    </datafield>
    <datafield ind1=" " ind2=" " tag="910">
      <subfield code="a">emoldr</subfield>
    </datafield>
    <datafield ind1=" " ind2=" " tag="910">
      <subfield code="a">SCHD ¿d 20010718 ¿g 0 ¿e 4 ¿f 8 ¿n Holdings for v. 77 are incomplete. ¿v v.77- ¿y 1999-</subfield>
    </datafield>
    <datafield ind1=" " ind2=" " tag="910">
      <subfield code="a">General: storage recon needed.</subfield>
    </datafield>
    <datafield ind1=" " ind2=" " tag="910">
      <subfield code="a">MARS</subfield>
    </datafield>
    <datafield ind1=" " ind2=" " tag="940">
      <subfield code="a">COVID19</subfield>
    </datafield>
    <datafield ind1=" " ind2=" " tag="945">
      <subfield code="a">EMU</subfield>
      <subfield code="b">mas</subfield>
      <subfield code="2">20141023</subfield>
    </datafield>
    <datafield ind1=" " ind2=" " tag="945">
      <subfield code="a">9DT</subfield>
      <subfield code="2">20080703</subfield>
    </datafield>
    <datafield ind1=" " ind2="0" tag="966">
      <subfield code="a">GENERAL HAS: In Storage: v.1-v.19 1922-1941, v.20 1941/1942 (INCOMPLETE VOL.), v.21-v.47 1943-1969. In Stacks: v.48-v.59 1970-1981, v.60 1982 (INCOMPLETE VOL.), v.61-v.66 1983-1988, v.70- 1992-date</subfield>
    </datafield>
    <datafield ind1=" " ind2=" " tag="966">
      <subfield code="a">OXFORD HAS: v.78-v.87, v.91-(2000-2009, 2013-)</subfield>
    </datafield>
    <datafield ind1=" " ind2=" " tag="994">
      <subfield code="a">C0</subfield>
      <subfield code="b">EMU</subfield>
    </datafield>
    <datafield ind1=" " ind2=" " tag="INT">
      <subfield code="a">P</subfield>
    </datafield>
    <datafield ind1=" " ind2=" " tag="INST">
      <subfield code="a">01GALI_EMORY</subfield>
    </datafield>
    <datafield ind1=" " ind2=" " tag="AVA">
      <subfield code="0">990027509470302486</subfield>
      <subfield code="8">22236383440002486</subfield>
      <subfield code="a">01GALI_EMORY</subfield>
      <subfield code="b">UNIV</subfield>
      <subfield code="c">Book Stacks</subfield>
      <subfield code="d">HF5001 .H3</subfield>
      <subfield code="e">available</subfield>
      <subfield code="f">107</subfield>
      <subfield code="g">0</subfield>
      <subfield code="v">from:1 1922 until:95 2017 </subfield>
      <subfield code="j">STACK</subfield>
      <subfield code="k">0</subfield>
      <subfield code="p">1</subfield>
      <subfield code="q">Robert W. Woodruff Library</subfield>
    </datafield>
    <datafield ind1=" " ind2=" " tag="AVA">
      <subfield code="0">990027509470302486</subfield>
      <subfield code="8">22236383640002486</subfield>
      <subfield code="a">01GALI_EMORY</subfield>
      <subfield code="b">MID</subfield>
      <subfield code="c">Periodicals</subfield>
      <subfield code="d">UNCLASSIFIED</subfield>
      <subfield code="e">available</subfield>
      <subfield code="f">1</subfield>
      <subfield code="g">0</subfield>
      <subfield code="j">PER</subfield>
      <subfield code="k">2</subfield>
      <subfield code="p">2</subfield>
      <subfield code="q">EUHM Branch Library</subfield>
    </datafield>
    <datafield ind1=" " ind2=" " tag="AVA">
      <subfield code="0">990027509470302486</subfield>
      <subfield code="8">22236383460002486</subfield>
      <subfield code="a">01GALI_EMORY</subfield>
      <subfield code="b">THEO</subfield>
      <subfield code="c">Emory Center for Ethics</subfield>
      <subfield code="d">ALPHA BY TITLE</subfield>
      <subfield code="e">available</subfield>
      <subfield code="f">1</subfield>
      <subfield code="g">0</subfield>
      <subfield code="j">ETHIC</subfield>
      <subfield code="k">4</subfield>
      <subfield code="p">3</subfield>
      <subfield code="q">Pitts Theology Library</subfield>
    </datafield>
    <datafield ind1=" " ind2=" " tag="AVA">
      <subfield code="0">990027509470302486</subfield>
      <subfield code="8">22236383620002486</subfield>
      <subfield code="a">01GALI_EMORY</subfield>
      <subfield code="b">UNIV</subfield>
      <subfield code="c">Current Periodicals</subfield>
      <subfield code="d">HF5001 .H3</subfield>
      <subfield code="e">check_holdings</subfield>
      <subfield code="v">from:96 2018 until:99 2021 </subfield>
      <subfield code="j">CPER</subfield>
      <subfield code="k">0</subfield>
      <subfield code="p">4</subfield>
      <subfield code="q">Robert W. Woodruff Library</subfield>
    </datafield>
  </record>
  <requests>0</requests>
</bib>
